
@INPROCEEDINGS{Moore99,
  AUTHOR =       "R. Moore and J. Lopes",
  TITLE =        "Paper templates",
  BOOKTITLE =    "TEMPLATE'06, 1st International Conference on Template Production",
  YEAR =         "1999",
  publisher =    "SCITEPRESS",
  file = F
}

@BOOK{Smith98,
  AUTHOR =       "J. Smith",
  TITLE =        "The Book",
  PUBLISHER =    "The publishing company",
  YEAR =         "1998",
  address =      "London",
  edition =      "2nd",
  file = F
}

@article{educacao,
  title={Effects of technology integration education on the attitudes of teachers and students},
  author={Christensen, Rhonda},
  journal={Journal of Research on technology in Education},
  volume={34},
  number={4},
  pages={411--433},
  year={2002},
  publisher={Taylor \& Francis}
}


@article{tam,
  title={Assessing psychometric reliability and validity of Technology Acceptance Model (TAM) among faculty members at Shahid Beheshti University},
  author={Shahrabi, M and Ahaninjan, A and Nourbakhsh, H and Ashlubolagh, M and Abdolmaleki, J and Mohamadi, M},
  journal={Management Science Letters},
  volume={3},
  number={8},
  pages={2295--2300},
  year={2013}
}

@book{kapp2012gamification,
  title={The gamification of learning and instruction: game-based methods and strategies for training and education},
  author={Kapp, Karl M},
  year={2012},
  publisher={John Wiley \& Sons}
}

@article{ratner1978games,
  title={Games, social exchange and the acquisition of language},
  author={Ratner, Nancy and Bruner, Jerome},
  journal={Journal of child language},
  volume={5},
  number={3},
  pages={391--401},
  year={1978},
  publisher={Citeseer}
}

@online{19coronavirus2020https,
  author =       "WHO",
  year =         "2020",
  title =        "Coronavirus disease 2019 (COVID-19): situation report 51",
  url = "https://www.who.int/docs/default-source/coronaviruse/situation-reports/20200311-sitrep-51-covid-19.pdf",
  lastaccessed = "August 14, 2020"
}

@article{ogawa2015analise,
  title={An{\'a}lise sobre a gamifica{\c{c}}{\~a}o em Ambientes Educacionais},
  author={Ogawa, Aline Nunes and Magalh{\~a}es, Gabriel Galdino and Klock, Ana Carolina Tom{\'e} and Gasparini, Isabela},
  journal={RENOTE},
  volume={13},
  number={2},
  year={2015}
}

@article{sanchez2017classcraft,
  title={Classcraft: from gamification to ludicization of classroom management},
  author={Sanchez, Eric and Young, Shawn and Jouneau-Sion, Caroline},
  journal={Education and Information Technologies},
  volume={22},
  number={2},
  pages={497--513},
  year={2017},
  publisher={Springer}
}

@techreport{iso2,
key = {ISO 9241-210:},
month = jun,
year = {2019},
title = {Ergonomics of human-system interaction Usability: Definitions and concepts},
address = {Geneva, Switzerland},
institution = {International Organization for Standardization}
}

@techreport{iso,
key = {ISO 9241-11:},
month = jul,
year = {2018},
title = {Ergonomics of human-system interaction — Part 210: Human-centred design for interactive systems},
address = {Geneva, Switzerland},
institution = {International Organization for Standardization}
}



@book{nielsen1994usability,
  title={Usability engineering},
  author={Nielsen, Jakob},
  year={1994},
  publisher={Morgan Kaufmann}
}

@article{falcao2013usabilidade,
  title={Usabilidade de Produtos de Consumo: uma an{\'a}lise dos conceitos, m{\'e}todos e aplica{\c{c}}{\~o}es},
  author={Falc{\~a}o, Christianne and Soares, Marcelo},
  journal={Estudos em Design},
  volume={21},
  number={2},
  year={2013}
}

@misc{classcraft, title={All-in-One Plataforma de Gamificação da Educação}, url={https://www.classcraft.com/pt/}, journal={Classcraft}}

@article{soegaard2012encyclopedia,
  title={The encyclopedia of human-computer interaction},
  author={Soegaard, Mads and Dam, Rikke Friis},
  journal={The encyclopedia of human-computer interaction},
  year={2012},
  publisher={The Interaction Design Foundation}
}

@article{martins2013avaliaccao,
  title={Avalia{\c{c}}{\~a}o de usabilidade: uma revis{\~a}o sistem{\'a}tica da literatura},
  author={Martins, Ana Isabel and Queir{\'o}s, Alexandra and Rocha, Nelson Pacheco and Santos, Beatriz Sousa},
  journal={Revista Ib{\'e}rica de Sistemas e Tecnologias de Informa{\c{c}}{\~a}o},
  number={11},
  pages={31},
  year={2013},
  publisher={Associa{\c{c}}{\~a}o Ib{\'e}rica de Sistemas e Tecnologias de Informacao}
}



@inproceedings{fiqueiredo2015gamificaccao,
  title={Gamifica{\c{c}}{\~a}o e educa{\c{c}}{\~a}o: um estado da arte das pesquisas realizadas no Brasil},
  author={Fiqueiredo, Mercia and Paz, Tatiana and Junqueira, Eduardo},
  booktitle={Anais dos Workshops do Congresso Brasileiro de Inform{\'a}tica na Educa{\c{c}}{\~a}o},
  volume={4},
  number={1},
  pages={1154},
  year={2015}
}

@article{gee2003video,
  title={What video games have to teach us about learning and literacy},
  author={Gee, James Paul},
  journal={Computers in Entertainment (CIE)},
  volume={1},
  number={1},
  pages={20--20},
  year={2003},
  publisher={ACM New York, NY, USA}
}

@book{shaffer2006computer,
  title={How computer games help children learn},
  author={Shaffer, David Williamson and Gee, James Paul},
  year={2006},
  publisher={Springer}
}

@book{klopfer2008augmented,
  title={Augmented learning: Research and design of mobile educational games},
  author={Klopfer, Eric and others},
  year={2008},
  publisher={MIT press}
}

@book{burke2015gamificar,
  title={Gamificar: como a gamifica{\c{c}}{\~a}o motiva as pessoas a fazerem coisas extraordin{\'a}rias},
  author={Burke, Brian},
  year={2015},
  publisher={DVS Editora}
}

@book{alves2015gamification,
  title={Gamification: como criar experi{\^e}ncias de aprendizagem engajadoras},
  author={Alves, Flora},
  year={2015},
  publisher={DVS editora}
}

@book{busarello2016gamification,
  title={Gamification: princ{\'\i}pios e estrat{\'e}gias},
  author={Busarello, Raul In{\'a}cio},
  year={2016},
  publisher={Pimenta Cultural}
}

@article{karsenti2017transforming,
  title={Transforming education with Minecraft},
  author={Karsenti, Thierry and Bugmann, Julien and Gros, Pierre-Paul},
  journal={Results of an exploratory study conducted with},
  volume={118},
  year={2017}
}

@article{takaya2008jerome,
  title={Jerome Bruner’s theory of education: From early Bruner to later Bruner},
  author={Takaya, Keiichi},
  journal={Interchange},
  volume={39},
  number={1},
  pages={1--19},
  year={2008},
  publisher={Springer}
}

@incollection{hassenzahl2003attrakdiff,
  title={AttrakDiff: Ein Fragebogen zur Messung wahrgenommener hedonischer und pragmatischer Qualit{\"a}t},
  author={Hassenzahl, Marc and Burmester, Michael and Koller, Franz},
  booktitle={Mensch \& computer 2003},
  pages={187--196},
  year={2003},
  publisher={Springer}
}

@article{scheiblermetodos,
  title={M{\'E}TODOS PARA A AVALIA{\c{C}}{\~A}O DA EXPERI{\^E}NCIA DO USU{\'A}RIO COM PRODUTOS: DAY RECONSTRUCTION METHOD, EXPRESS{\~O}ES FACIAIS E ATTRAKDIF},
  author={Scheibler, Daniela Klafke and Ferreira, Marcelo Gitirana Gomes}
}

@article{de2021gamificaccao,
  title={Gamifica{\c{c}}{\~a}o na Educa{\c{c}}{\~a}o},
  author={de Avila, Paulo Pires and Conte, Elaine},
  journal={SEFIC 2020},
  year={2021}
}

@article{dos2017gamificaccao,
  title={Gamifica{\c{c}}{\~a}o aplicada a educa{\c{c}}{\~a}o: um mapeamento sistem{\'a}tico da literatura},
  author={dos Santos, J{\'u}lia de Avila and de Freitas, Andr{\'e} Luis Castro},
  journal={RENOTE-Revista Novas Tecnologias na Educa{\c{c}}{\~a}o},
  volume={15},
  number={1},
  year={2017}
}

@article{do2020uso,
  title={Uso do Jogo Plague Inc.: uma possibilidade para o Ensino de Ci{\^e}ncias em tempos da COVID-19},
  author={do Nascimento, Francisca Georgiana Martins and Benedetti, Tiago Rodrigues and dos Santos, Adriana Ramos},
  journal={Brazilian Journal of Development},
  volume={6},
  number={5},
  pages={25909--25928},
  year={2020}
}

@inproceedings{junior2017aplicativo,
  title={O aplicativo Kahoot na educa{\c{c}}{\~a}o: verificando os conhecimentos dos alunos em tempo real},
  author={Junior, Jo{\~a}o Batista Bottentuit},
  booktitle={Livro de atas X Confer{\^e}ncia Internacional de TIC na Educa{\c{c}}{\~a}o--Clallenges},
  pages={1587--1602},
  year={2017}
}

@article{moran2015mudando,
  title={Mudando a educa{\c{c}}{\~a}o com metodologias ativas},
  author={Mor{\'a}n, Jos{\'e}},
  journal={Cole{\c{c}}{\~a}o m{\'\i}dias contempor{\^a}neas. Converg{\^e}ncias midi{\'a}ticas, educa{\c{c}}{\~a}o e cidadania: aproxima{\c{c}}{\~o}es jovens},
  volume={2},
  number={1},
  pages={15--33},
  year={2015}
}

@book{mcgonigal2011reality,
  title={Reality is broken: Why games make us better and how they can change the world},
  author={McGonigal, Jane},
  year={2011},
  publisher={Penguin}
}

@article{tavares2018metodologias,
  title={Metodologias ativas: entenda como elas favorecem a aprendizagem},
  author={Tavares, PA},
  journal={Recuperado em},
  volume={14},
  year={2018}
}


@misc{ISO9241,
title={ISO 9241-210:2019(en) Ergonomics of human-system interaction — Part 210: Human-centred design for interactive systems},
author={ISO 9241-210:2019},
howpublished={Available in: \url{https://www.iso.org/obp/ui/#iso:std:iso:9241:-210:ed-2:v1:en}. Accessed in: July 01, 2021},
year="2019"
}

@inproceedings{ribeiro2018gamificaccao,
  title={Gamifica{\c{c}}ao de um sistema de juiz online para motivar alunos em disciplina de programa{\c{c}}ao introdut{\'o}ria},
  author={Ribeiro, Ralph Breno and Fernandes, David and de Carvalho, Leandro Silva Galv{\~a}o and Oliveira, Elaine},
  booktitle={Brazilian Symposium on Computers in Education (Simp{\'o}sio Brasileiro de Inform{\'a}tica na Educa{\c{c}}{\~a}o-SBIE)},
  volume={29},
  number={1},
  pages={805},
  year={2018}
}

@inproceedings{huynh2016analyzing,
  title={Analyzing gamification of “Duolingo” with focus on its course structure},
  author={Huynh, Duy and Zuo, Long and Iida, Hiroyuki},
  booktitle={International Conference on Games and Learning Alliance},
  pages={268--277},
  year={2016},
  organization={Springer}
}


@article{hassenzahl2006user,
  title={User experience-a research agenda},
  author={Hassenzahl, Marc and Tractinsky, Noam},
  journal={Behaviour \& information technology},
  volume={25},
  number={2},
  pages={91--97},
  year={2006},
  publisher={Taylor \& Francis}
}

@book{da2014gamificaccao,
  title={Gamifica{\c{c}}{\~a}o na educa{\c{c}}{\~a}o},
  author={da Silva, Andreza Regina Lopes and Catapan, Araci Hack and da Silva, Cl{\'a}udio Henrique and Reategui, Eliseo Berni and Spanhol, Fernando Jos{\'e} and Golfetto, Ildo Francisco and Diana, Juliana Bordinh{\~a}o and Alves, Lynn Rosalina Gama and Fadel, Luciane Maria and Lindner, Lu{\'\i}s H and others},
  year={2014},
  publisher={Pimenta Cultural}
}

@misc{ISOIEC9126,
title={ISO/IEC 9126-1:2001 Software engineering — Product quality — Part 1: Quality model},
author={{ISO}},
howpublished={Available in: \url{https://www.iso.org/standard/22749.html}. Accessed in: July 21, 2021},
year="2001"
}

@inproceedings{borges2013gamificaccao,
  title={Gamifica{\c{c}}{\~a}o aplicada {\`a} educa{\c{c}}{\~a}o: um mapeamento sistem{\'a}tico},
  author={Borges, Simone de S and Reis, Helena M and Durelli, Vinicius HS and Bittencourt, Ig I and Jaques, Patricia A and Isotani, Seiji},
  booktitle={Brazilian Symposium on Computers in Education (Simp{\'o}sio Brasileiro de Inform{\'a}tica na Educa{\c{c}}{\~a}o-SBIE)},
  volume={24},
  number={1},
  pages={234},
  year={2013}
}

@incollection{hassenzahl2018thing,
  title={The thing and I: understanding the relationship between user and product},
  author={Hassenzahl, Marc},
  booktitle={Funology 2},
  pages={301--313},
  year={2018},
  publisher={Springer}
}

@article{hassenzahl2015experience,
author={Hassenzahl, Marc and Wiklund-Engblom, Annika and Bengs, Anette and Hägglund, Susanne and Diefenbach, Sarah},
title={Experience-Oriented and Product-Oriented Evaluation: Psychological Need Fulfillment, Positive Affect, and Product Perception},
journal={International Journal of Human–Computer Interaction},
year={2015},
publisher={Taylor & Francis},
url={https://doi.org/10.1080/10447318.2015.1064664},
volume={31},
number={8},
pages={530-544}
}

@techreport{iso3,
key = {ISO / IEC 25022: 2016},
month = jun,
year = {2016},
title = {Systems and software engineering — Systems and software quality requirements and evaluation (SQuaRE) — Measurement of quality in use},
address = {Geneva, Switzerland},
institution = {International Organization for Standardization}
}

@article{venkatesh2008technology,
  title={Technology acceptance model 3 and a research agenda on interventions},
  author={Venkatesh, Viswanath and Bala, Hillol},
  journal={Decision sciences},
  volume={39},
  number={2},
  pages={273--315},
  year={2008},
  publisher={Wiley Online Library}
}

@incollection{bevan1995usability,
  title={Usability is quality of use},
  author={Bevan, Nigel},
  booktitle={Advances in Human Factors/Ergonomics},
  volume={20},
  pages={349--354},
  year={1995},
  publisher={Elsevier}
}

@inproceedings{bevan2008classifying,
  title={Classifying and selecting UX and usability measures},
  author={Bevan, Nigel},
  booktitle={International Workshop on Meaningful Measures: Valid Useful User Experience Measurement},
  volume={11},
  pages={13--18},
  year={2008}
}

@incollection{siemon2017gamification,
  title={Gamification of teaching in higher education},
  author={Siemon, Dominik and Eckardt, Linda},
  booktitle={Gamification},
  pages={153--164},
  year={2017},
  publisher={Springer}
}

@inproceedings{nielsen1990heuristic,
  title={Heuristic evaluation of user interfaces},
  author={Nielsen, Jakob and Molich, Rolf},
  booktitle={Proceedings of the SIGCHI conference on Human factors in computing systems},
  pages={249--256},
  year={1990}
}

@article{hassenzahl2004interplay,
  title={The interplay of beauty, goodness, and usability in interactive products},
  author={Hassenzahl, Marc},
  journal={Human--Computer Interaction},
  volume={19},
  number={4},
  pages={319--349},
  year={2004},
  publisher={Taylor \& Francis}
}

@inproceedings{osipovskaya2018using,
  title={Using gamification in teaching public relations students},
  author={Osipovskaya, Elizaveta and Miakotnikova, Svetlana},
  booktitle={International Conference on Interactive Collaborative Learning},
  pages={685--696},
  year={2018},
  organization={Springer}
}

@inproceedings{kiryakova2014gamification,
  title={Gamification in education},
  author={Kiryakova, Gabriela and Angelova, Nadezhda and Yordanova, Lina},
  year={2014},
  organization={Proceedings of 9th International Balkan Education and Science Conference}
}

@inproceedings{caponetto2014gamification,
  title={Gamification and education: A literature review},
  author={Caponetto, Ilaria and Earp, Jeffrey and Ott, Michela},
  booktitle={European Conference on Games Based Learning},
  volume={1},
  pages={50},
  year={2014},
  organization={Academic Conferences International Limited}
}

@article{winckler2002avaliaccao,
  title={Avalia{\c{c}}{\~a}o de usabilidade de sites web},
  author={Winckler, Marco and Pimenta, Marcelo Soares},
  journal={Escola de Inform{\'a}tica da SBC Sul (ERI 2002). Porto Alegre},
  volume={1},
  pages={85--137},
  year={2002}
}

@article{shen2020technology,
  title={Technology-enhanced learning in higher education: A bibliometric analysis with latent semantic approach},
  author={Shen, Chien-wen and Ho, Jung-tsung},
  journal={Computers in Human Behavior},
  volume={104},
  pages={106177},
  year={2020},
  publisher={Elsevier}
}

@article{raja2018impact,
  title={Impact of modern technology in education},
  author={Raja, R and Nagasubramani, PC},
  journal={Journal of Applied and Advanced Research},
  volume={3},
  number={1},
  pages={33--35},
  year={2018}
}

@article{donnelly2020impact,
  title={Impact of graph technologies in K-12 science and mathematics education},
  author={Donnelly-Hermosillo, Dermot Francis and Gerard, Libby F and Linn, Marcia C},
  journal={Computers \& Education},
  volume={146},
  pages={103748},
  year={2020},
  publisher={Elsevier}
}

@article{prensky2001digital,
  title={Digital natives, digital immigrants part 2: Do they really think differently?},
  author={Prensky, Marc},
  journal={On the horizon},
  year={2001},
  publisher={MCB UP Ltd}
}

@article{goh2020vision,
  title={A vision of the use of technology in medical education after the COVID-19 pandemic},
  author={Goh, Poh Sun and Sandars, John},
  journal={MedEdPublish},
  pages={1--8},
  year={2020},
  publisher={AMEE}
}

@inproceedings{castro2018assessing,
  title={Assessing gamification effects on e-learning platforms: An experimental case},
  author={Castro, Katherine Andrea Cuartas and Sibo, {\'I}ngrid Paola Hern{\'a}ndez and Ting, I-hsien},
  booktitle={International Workshop on learning technology for education in Cloud},
  pages={3--14},
  year={2018},
  organization={Springer}
}

@inproceedings{majuri2018gamification,
  title={Gamification of education and learning: A review of empirical literature},
  author={Majuri, Jenni and Koivisto, Jonna and Hamari, Juho},
  booktitle={Proceedings of the 2nd international GamiFIN conference, GamiFIN 2018},
  year={2018},
  organization={CEUR-WS}
}

@misc{swacha2021state,
  title={State of Research on Gamification in Education: A Bibliometric Survey. Educ. Sci. 2021, 11, 69},
  author={Swacha, J},
  year={2021},
  publisher={s Note: MDPI stays neutral with regard to jurisdictional claims in published~…}
}

@incollection{broadbent2020technologies,
  title={Technologies to enhance self-regulated learning in online and computer-mediated learning environments},
  author={Broadbent, Jaclyn and Panadero, Ernesto and Lodge, Jason M and de Barba, Paula},
  booktitle={Handbook of research in educational communications and technology},
  pages={37--52},
  year={2020},
  publisher={Springer}
}

@article{anastasiadis2018digital,
  title={Digital game-based learning and serious games in education},
  author={Anastasiadis, Theofylaktos and Lampropoulos, Georgios and Siakas, Kerstin},
  journal={International Journal of Advances in Scientific Research and Engineering (ijasre)},
  volume={4},
  number={12},
  pages={139--144},
  year={2018}
}

@article{tsay2018enhancing,
  title={Enhancing student learning experience with technology-mediated gamification: An empirical study},
  author={Tsay, Crystal Han-Huei and Kofinas, Alexander and Luo, Jing},
  journal={Computers \& Education},
  volume={121},
  pages={1--17},
  year={2018},
  publisher={Elsevier}
}

@incollection{papadakis2017using,
  title={Using gamification for supporting an introductory programming course. the case of classcraft in a secondary education classroom},
  author={Papadakis, Stamatios and Kalogiannakis, Michail},
  booktitle={Interactivity, game creation, design, learning, and innovation},
  pages={366--375},
  year={2017},
  publisher={Springer}
}

@misc{iso9241-210:2019,
  title={{ISO 9241-210:2019. Ergonomics of human-system interaction — Part 210: Human-centred design for interactive systems}},
  author={{International Organization for Standardization}},
  year={2019},
  address = {Genebra, Suíça},
  howpublished = "Available in \url{https://www.iso.org/standard/77520.html}",
  note = "Accessed in July 21, 2021"
}

@inproceedings{rajeshkumar2013taxonomies,
  title={Taxonomies of user experience (UX) evaluation methods},
  author={Rajeshkumar, S and Omar, Ridha and Mahmud, Murni},
  booktitle={2013 International Conference on Research and Innovation in Information Systems (ICRIIS)},
  pages={533--538},
  year={2013},
  organization={IEEE}
}

@book{norman2004emotional,
  title={Emotional design: Why we love (or hate) everyday things},
  author={Norman, Donald A},
  year={2004},
  publisher={Basic Civitas Books}
}


@inproceedings{rieman1995usability,
  title={Usability evaluation with the cognitive walkthrough},
  author={Rieman, John and Franzke, Marita and Redmiles, David},
  booktitle={Conference companion on Human factors in computing systems},
  pages={387--388},
  year={1995}
}

@article{fernandez2011usability,
  title={Usability evaluation methods for the web: A systematic mapping study},
  author={Fernandez, Adrian and Insfran, Emilio and Abrah{\~a}o, Silvia},
  journal={Information and software Technology},
  volume={53},
  number={8},
  pages={789--817},
  year={2011},
  publisher={Elsevier}
}

@inproceedings{law2009understanding,
  title={Understanding, scoping and defining user experience: a survey approach},
  author={Law, Effie Lai-Chong and Roto, Virpi and Hassenzahl, Marc and Vermeeren, Arnold POS and Kort, Joke},
  booktitle={Proceedings of the SIGCHI conference on human factors in computing systems},
  pages={719--728},
  year={2009}
}

@inproceedings{vermeeren2010user,
  title={User experience evaluation methods: current state and development needs},
  author={Vermeeren, Arnold POS and Law, Effie Lai-Chong and Roto, Virpi and Obrist, Marianna and Hoonhout, Jettie and V{\"a}{\"a}n{\"a}nen-Vainio-Mattila, Kaisa},
  booktitle={Proceedings of the 6th Nordic conference on human-computer interaction: Extending boundaries},
  pages={521--530},
  year={2010}
}

@inproceedings{rivero2017systematic,
  title={A systematic mapping study on research contributions on UX evaluation technologies},
  author={Rivero, Luis and Conte, Tayana},
  booktitle={Proceedings of the XVI Brazilian Symposium on Human Factors in Computing Systems},
  pages={1--10},
  year={2017}
}

@inproceedings{gopalan2017review,
  title={A review of the motivation theories in learning},
  author={Gopalan, Valarmathie and Bakar, Juliana Aida Abu and Zulkifli, Abdul Nasir and Alwi, Asmidah and Mat, Ruzinoor Che},
  booktitle={AIP Conference Proceedings},
  volume={1891},
  number={1},
  pages={020043},
  year={2017},
  organization={AIP Publishing LLC}
}

@inproceedings{monzon2020design,
  title={Design Techniques for Usability in m-Commerce Context: A Systematic Literature Review},
  author={Monz{\'o}n, Israel and Angeleri, Paula and D{\'a}vila, Abraham},
  booktitle={International Conference on Software Process Improvement},
  pages={305--322},
  year={2020},
  organization={Springer}
}

@inproceedings{hassenzahl2008user,
  title={User experience (UX) towards an experiential perspective on product quality},
  author={Hassenzahl, Marc},
  booktitle={Proceedings of the 20th Conference on l'Interaction Homme-Machine},
  pages={11--15},
  year={2008}
}

@book{gurney1997introduction,
  title={An Introduction to Neural Networks},
  author={Gurney, Kevin},
  year={1997},
  edition={1st},
  publisher={CRC Press},
  doi={10.1201/9781315273570}
}

@article{shavlik1991symbolic,
  title={Symbolic and neural learning algorithms: An experimental comparison},
  author={Shavlik, Jude W and Mooney, Raymond J and Towell, Geoffrey G},
  journal={Machine learning},
  volume={6},
  pages={111--143},
  year={1991},
  publisher={Springer}
}

@misc{tibco_neural_network,
  author = "{TIBCO}",
  title = "What Is a Neural Network?",
  howpublished = "\url{https://www.tibco.com/reference-center/what-is-a-neural-network}",
  note = "[Acesso em: 04 de julho de 2023"
}

@book{garcez2008neural,
  title={Neural-symbolic cognitive reasoning},
  author={Garcez, Artur SD'Avila and Lamb, Luis C and Gabbay, Dov M},
  year={2008},
  publisher={Springer Science \& Business Media}
}

@article{clamb,
  title={The Grand Challenges and Myths of Neural-Symbolic Computation},
  author={Lamb,Luis C.},
  journal={Institute of Informatics},
  volume={34},
  number={4},
  pages={12},
  year={2008},
  publisher={Federal University of Rio Grande do Sul}
}